@article{barriga2018game,
  title={Game Tree Search Based on Nondeterministic Action Scripts in Real-Time Strategy Games},
  author={Barriga, Nicolas A and Stanescu, Marius and Buro, Michael},
  journal={IEEE Transactions on Games},
  volume={10},
  number={1},
  pages={69--77},
  year={2018},
  publisher={IEEE}
}

@article{marcotte2017behavior,
  title={Behavior Trees for Modelling Artificial Intelligence in Games: A Tutorial},
  author={Marcotte, Ryan and Hamilton, Howard J},
  journal={The Computer Games Journal},
  volume={6},
  number={3},
  pages={171--184},
  year={2017},
  publisher={Springer}
}

@article{ontanon2018first,
  title={The First MicroRTS Artificial Intelligence Competition.},
  author={Onta{\~n}{\'o}n, Santiago and Barriga, Nicolas A and Silva, Cleyton R and Moraes, Rubens O and Lelis, Levi HS},
  journal={AI Magazine},
  volume={39},
  number={1},
  year={2018}
}

@article{barriga2017combining,
  title={Combining strategic learning and tactical search in Real-Time Strategy games},
  author={Barriga, Nicolas A and Stanescu, Marius and Buro, Michael},
  journal={arXiv preprint arXiv:1709.03480},
  year={2017}
}

@article{silva2018strategy,
  title={Strategy Generation for Multi-Unit Real-Time Games via Voting},
  author={Silva, Cleyton R and Moraes, Rubens O and Lelis, Levi HS and Gal, Kobi},
  journal={IEEE Transactions on Games},
  year={2018},
  publisher={IEEE}
}

@inproceedings{uriarte2015automatic,
  title={Automatic learning of combat models for RTS games},
  author={Uriarte, Alberto and Ontan{\'o}n, Santiago},
  booktitle={Eleventh Artificial Intelligence and Interactive Digital Entertainment Conference},
  year={2015}
}
